
@misc{DB_wiki,
author = {Wikipedia},
title = {Deutsche Bahn},
howpublished = "Website",
year = {2020},
url = {https://en.wikipedia.org/wiki/Deutsche_Bahn}
}

@misc{DB_joke,
author = {Kate Connolly},
title = {"We are becoming a joke": Germans turn on Deutsche Bahn},
howpublished = {Website},
year = {2018},
url = {https://www.theguardian.com/world/2018/dec/20/trains-on-time-germans-deutsche-bahn-railway}
}

@misc{DB_cost,
author = {Deutsche Welle},
title = {German train passengers get â‚¬53 million for delays},
howpublished = {Website},
year = {2019},
url = {https://www.dw.com/en/german-train-passengers-get-53-million-for-delays/a-47560465}
}

@misc{DB_data,
author = {Chema Mengibar},
title = {Dbahn Travels Captures},
howpublished = {Website},
year = {2019},
url = {https://www.kaggle.com/chemamengibar/dbahn-travels-captures/data}
}

@book{easley2010networks,
  title={Networks, Crowds, and Markets: Reasoning About a Highly Connected World},
  author={Easley, D. and Kleinberg, J.},
  isbn={9780521195331},
  lccn={2009050314},
  series={Networks, Crowds, and Markets: Reasoning about a Highly Connected World},
  url={https://books.google.co.jp/books?id=8xf1nAEACAAJ},
  year={2010},
  publisher={Cambridge University Press}
}
